<?xml version="1.0" encoding="UTF-8"?><collection xmlns="http://www.loc.gov/MARC21/slim"><record><leader>00529nam--2200193-u-4500</leader><controlfield tag="001">000056360</controlfield><controlfield tag="002">20161230</controlfield><controlfield tag="005">20161230201052</controlfield><controlfield tag="008">150811s1000------------r-----000-0-rus-d</controlfield><datafield ind1=" " ind2=" " tag="040"><subfield code="a">IFIN-HH</subfield></datafield><datafield ind1=" " ind2=" " tag="041"><subfield code="a">rus</subfield></datafield><datafield ind1=" " ind2=" " tag="080"><subfield code="a">53(081)</subfield></datafield><datafield ind1="1" ind2=" " tag="100"><subfield code="a">Debye, Peter Josef William</subfield></datafield><datafield ind1="1" ind2="0" tag="245"><subfield code="a">Izbrannie trudi statii 1909 - 1965</subfield><subfield code="c">Peter josef william debye</subfield></datafield><datafield ind1=" " ind2=" " tag="260"><subfield code="a">Leningrad</subfield><subfield code="b">Nauka</subfield><subfield code="c">1987</subfield></datafield><datafield ind1=" " ind2=" " tag="300"><subfield code="a">559P</subfield></datafield><datafield ind1=" " ind2=" " tag="500"><subfield code="a">Titlul Original In Limba Engleza: Collected Papers</subfield></datafield><datafield ind1=" " ind2=" " tag="852"><subfield code="a">74557</subfield><subfield code="c">53</subfield></datafield><datafield ind1=" " ind2=" " tag="CAT"><subfield code="a">Sys</subfield><subfield code="c">20150811</subfield><subfield code="h">120758</subfield></datafield></record></collection>